@article{metric-learn,
  title = {metric-learn: {M}etric {L}earning {A}lgorithms in {P}ython},
  author = {{de Vazelhes}, William and {Carey}, CJ and {Tang}, Yuan and
            {Vauquier}, Nathalie and {Bellet}, Aur{\'e}lien},
  journal = {Journal of Machine Learning Research},
  year = {2020},
  volume = {21},
  number = {138},
  pages = {1--6}
}

@inproceedings{ITML,
  title={Information-theoretic metric learning},
  author={Davis, Jason V and Kulis, Brian and Jain, Prateek and Sra, Suvrit and Dhillon, Inderjit S},
  booktitle={Proceedings of the 24th international conference on Machine learning},
  pages={209--216},
  year={2007}
}

@inproceedings{LSML,
  title={Metric learning from relative comparisons by minimizing squared residual},
  author={Liu, Eric Yi and Guo, Zhishan and Zhang, Xiang and Jojic, Vladimir and Wang, Wei},
  booktitle={2012 IEEE 12th International Conference on Data Mining},
  pages={978--983},
  year={2012},
  organization={IEEE}
}

@inproceedings{SCML,
  title={Sparse compositional metric learning},
  author={Shi, Yuan and Bellet, Aur{\'e}lien and Sha, Fei},
  booktitle={Proceedings of the AAAI Conference on Artificial Intelligence},
  volume={28},
  number={1},
  year={2014}
}

@inproceedings{RCA1,
  title={Adjustment learning and relevant component analysis},
  author={Shental, Noam and Hertz, Tomer and Weinshall, Daphna and Pavel, Misha},
  booktitle={European conference on computer vision},
  pages={776--790},
  year={2002},
  organization={Springer}
}

@inproceedings{RCA2,
  title={Learning distance functions using equivalence relations},
  author={Bar-Hillel, Aharon and Hertz, Tomer and Shental, Noam and Weinshall, Daphna},
  booktitle={Proceedings of the 20th international conference on machine learning (ICML-03)},
  pages={11--18},
  year={2003}
}

@article{RCA3,
  title={Learning a Mahalanobis metric from equivalence constraints.},
  author={Bar-Hillel, Aharon and Hertz, Tomer and Shental, Noam and Weinshall, Daphna and Ridgeway, Greg},
  journal={Journal of machine learning research},
  volume={6},
  number={6},
  year={2005}
}

@article{LMNN,
  title={Distance metric learning for large margin nearest neighbor classification.},
  author={Weinberger, Kilian Q and Saul, Lawrence K},
  journal={Journal of machine learning research},
  volume={10},
  number={2},
  year={2009}
}

@article{NCA,
  title={Neighbourhood components analysis},
  author={Goldberger, Jacob and Hinton, Geoffrey E and Roweis, Sam and Salakhutdinov, Russ R},
  journal={Advances in neural information processing systems},
  volume={17},
  pages={513--520},
  year={2004},
  publisher={Citeseer}
}

@article{LFDA,
  title={Dimensionality reduction of multimodal labeled data by local fisher discriminant analysis.},
  author={Sugiyama, Masashi},
  journal={Journal of machine learning research},
  volume={8},
  number={5},
  year={2007}
}

@inproceedings{MLKR,
  title={Metric learning for kernel regression},
  author={Weinberger, Kilian Q and Tesauro, Gerald},
  booktitle={Artificial intelligence and statistics},
  pages={612--619},
  year={2007},
  organization={PMLR}
}

@article{xian2018zero,
  title={Zero-shot learningâ€”a comprehensive evaluation of the good, the bad and the ugly},
  author={Xian, Yongqin and Lampert, Christoph H and Schiele, Bernt and Akata, Zeynep},
  journal={IEEE transactions on pattern analysis and machine intelligence},
  volume={41},
  number={9},
  pages={2251--2265},
  year={2018},
  publisher={IEEE}
}